<?xml version="1.0" encoding="UTF-8"?><record xmlns="http://www.loc.gov/MARC21/slim" xmlns:cinclude="http://apache.org/cocoon/include/1.0" xmlns:zs="http://www.loc.gov/zing/srw/">
  <leader>00425nz  a2200133n  4500</leader>
  <controlfield tag="001">no2007157444</controlfield>
  <controlfield tag="003">DLC</controlfield>
  <controlfield tag="005">20071222075018.0</controlfield>
  <controlfield tag="008">071219n| acannaabn          |n ana     c</controlfield>
  <datafield tag="010" ind1=" " ind2=" ">
    <subfield code="a">no2007157444</subfield>
  </datafield>
  <datafield tag="035" ind1=" " ind2=" ">
    <subfield code="a">(OCoLC)oca07613799</subfield>
  </datafield>
  <datafield tag="040" ind1=" " ind2=" ">
    <subfield code="a">NNC</subfield>
    <subfield code="b">eng</subfield>
    <subfield code="c">NNC</subfield>
  </datafield>
  <datafield tag="110" ind1="1" ind2=" ">
    <subfield code="a">Poland.</subfield>
    <subfield code="b">Ministerstwo Spraw Zagranicznych.</subfield>
    <subfield code="b">Archiwum</subfield>
  </datafield>
  <datafield tag="670" ind1=" " ind2=" ">
    <subfield code="a">Stosunki dyplomatyczne Polski, c2007- :</subfield>
    <subfield code="b">v. 1, t.p. (Ministerstwo Spraw Zagranicznych, Archiwum)</subfield>
  </datafield>
</record>